@misc{cfb_db,
	title = {College Football Database},
	url = {https://collegefootballdata.com/},
    howpublished = "\url{https://collegefootballdata.com/}",
	note = "[Online, accessed 2023-09-18]",
}
