@misc{repo,
	title = {Project Github Repository},
	url = {https://github.com/JStewart28/CS542-Project},
	note = "[Currently private]",
}
